% Bibliography
@misc{eu_csam,
title={EU centre to prevent and combat child sexual abuse},
year={2023},
url={https://home-affairs.ec.europa.eu/whats-new/communication-campaigns/legislation-prevent-and-combat-child-sexual-abuse/eu-centre-prevent-and-combat-child-sexual-abuse_en},
note={{Zugriff am}: 20.03.2023}
}

@misc{euc_europol,
title={{Proposal to prevent and combat child sexual abuse: relations between Coordinating Authorities – EU Centre – Europol}},
year={2023},
url={https://home-affairs.ec.europa.eu/system/files/2023-05/relations between Coordinating Authorities – EU Centre – Europol.pdf},
note={{Zugriff am}: 07.10.2023}
}

@misc{proposal_csam,
title={{Proposal for a REGULATION OF THE EUROPEAN PARLIAMENT AND OF THE COUNCIL laying down rules to prevent and combat child sexual abuse}},
year={2022},
url={https://eur-lex.europa.eu/legal-content/EN/TXT/?uri=COM%3A2022%3A209%3AFIN&qid=1652451192472},
note={{Zugriff am}: 12.10.2023}}

@misc{letter_chatcontrol,
title={{European Commission: uphold privacy,
security and free expression by
withdrawing new law}},
year={2022},
url={https://edri.org/our-work/european-commission-must-uphold-privacy-security-and-free-expression-by-withdrawing-new-law/},
note={{Zugriff am}: 07.10.2023}
}

@misc{bugs_in_our_pockets,
title={{Bugs in our Pockets: The Risks of Client-Side Scanning}}, 
author={Hal Abelson and Ross Anderson and Steven M. Bellovin and Josh Benaloh and Matt Blaze and Jon Callas and Whitfield Diffie and Susan Landau and Peter G. Neumann and Ronald L. Rivest and Jeffrey I. Schiller and Bruce Schneier and Vanessa Teague and Carmela Troncoso},
year={2021},
eprint={2110.07450},
archivePrefix={arXiv},
primaryClass={cs.CR}
}

@misc{online_safety_telekom,
title={{Nachricht von Ella | Without Consent}},
year={2023},
url={https://youtu.be/F4WZ_k0vUDM?si=bgzUkN6V73JBZmMu},
note={{Zugriff am}: 24.09.2023}
}

@misc{detection_avoidance,
title={{Adversarial Detection Avoidance Attacks: Evaluating the robustness of perceptual hashing-based client-side scanning}}, 
author={Shubham Jain and Ana-Maria Cretu and Yves-Alexandre de Montjoye},
year={2022},
eprint={2106.09820},
archivePrefix={arXiv},
primaryClass={cs.CR}
}

@misc{artikel_aufruhr,
author={Hanna},
title={{"Es gibt keine Strafverfolgung um jeden Preis".}},
year={2023},
url={https://tuta.com/de/blog/posts/eu-client-side-scanning},
note={{Zugriff am}: 07.10.2023}
}

@book{privacy_technology,
author={Max Müller},
title={Privatsphäre im digitalen Zeitalter},
year={2022},
publisher={Technikverlag}
}

@book{chilling_effect,
author={Anke Schüll},
title={„Das stell ich lieber nicht ins Netz!“ – zum „Chilling Effect“ und seinen Konsequenzen. In: Gadatsch, A., Ihne, H., Monhemius, J., Schreiber, D. (eds) Nachhaltiges Wirtschaften im digitalen Zeitalter},
year={2018},
publisher={Springer Gabler, Wiesbaden}
}

